<record><leader>00000cas a2200000 a 4500</leader><controlfield tag="001">9898919</controlfield><controlfield tag="008">830912d19uu1986cauwr ne      0   a0eng c</controlfield><datafield ind1=" " ind2=" " tag="010"><subfield code="a">sn 83004737 </subfield></datafield><datafield ind1=" " ind2=" " tag="040"><subfield code="a">NSD</subfield><subfield code="b">eng</subfield><subfield code="c">NSD</subfield><subfield code="d">CNK</subfield><subfield code="d">OCLCQ</subfield><subfield code="d">CNK</subfield><subfield code="d">OCLCQ</subfield><subfield code="d">OCLCO</subfield></datafield><datafield ind1=" " ind2=" " tag="012"><subfield code="j">0</subfield><subfield code="l">1</subfield><subfield code="m">d</subfield></datafield><datafield ind1="1" ind2=" " tag="022"><subfield code="a">0740-2066</subfield><subfield code="l">0740-2066</subfield><subfield code="2">1</subfield></datafield><datafield ind1="1" ind2=" " tag="029"><subfield code="a">AU@</subfield><subfield code="b">000020275129</subfield></datafield><datafield ind1=" " ind2=" " tag="042"><subfield code="a">nsdp</subfield><subfield code="a">pcc</subfield></datafield><datafield ind1=" " ind2=" " tag="043"><subfield code="a">n-us-ca</subfield></datafield><datafield ind1=" " ind2="0" tag="222"><subfield code="a">Terra Bella news</subfield></datafield><datafield ind1="0" ind2="4" tag="245"><subfield code="a">The Terra Bella news.</subfield></datafield><datafield ind1="1" ind2="7" tag="246"><subfield code="a">Pixley enterprise/Terra Bella news</subfield></datafield><datafield ind1=" " ind2=" " tag="260"><subfield code="a">Terra Bella, Tulare Co., Calif. :</subfield><subfield code="b">Earle R. Clemens</subfield></datafield><datafield ind1=" " ind2=" " tag="300"><subfield code="a">v.</subfield></datafield><datafield ind1=" " ind2=" " tag="310"><subfield code="a">Weekly</subfield></datafield><datafield ind1="1" ind2=" " tag="362"><subfield code="a">Ceased Feb. or Mar. 1986.</subfield></datafield><datafield ind1=" " ind2=" " tag="500"><subfield code="a">Later published in Pixley, Calif.</subfield></datafield><datafield ind1=" " ind2=" " tag="530"><subfield code="a">Master negatives are available for duplication from:</subfield><subfield code="b">California Newspaper Microfilm Archive;</subfield><subfield code="c">positive copies may be purchased by the reel; for further information consult the CNMA at:</subfield><subfield code="u">http://cbsr.ucr.edu</subfield></datafield><datafield ind1=" " ind2=" " tag="588"><subfield code="a">Description based on: Vol. 1, no. 24 (Nov. 17, 1911).</subfield></datafield><datafield ind1=" " ind2="0" tag="651"><subfield code="a">Terra Bella (Calif.)</subfield><subfield code="v">Newspapers.</subfield></datafield><datafield ind1=" " ind2="0" tag="651"><subfield code="a">Pixley (Calif.)</subfield><subfield code="v">Newspapers.</subfield></datafield><datafield ind1=" " ind2=" " tag="752"><subfield code="a">United States</subfield><subfield code="b">California</subfield><subfield code="c">Tulare</subfield><subfield code="d">Pixley.</subfield></datafield><datafield ind1=" " ind2=" " tag="752"><subfield code="a">United States</subfield><subfield code="b">California</subfield><subfield code="c">Tulare</subfield><subfield code="d">Terra Bella.</subfield></datafield><datafield ind1="0" ind2="7" tag="785"><subfield code="t">Pixley enterprise</subfield><subfield code="w">(DLC)sn 83003177</subfield><subfield code="w">(OCoLC)9834419</subfield></datafield><datafield ind1="0" ind2="7" tag="785"><subfield code="t">Enterprise news (Pixley, Calif)</subfield><subfield code="w">(DLC)sn 86010424</subfield><subfield code="w">(OCoLC)13449573</subfield></datafield></record>